<?xml version="1.0" encoding="UTF-8"?><collection xmlns="http://www.loc.gov/MARC21/slim"><record><leader>00335nam--2200133-i-4500</leader><controlfield tag="001">000020904</controlfield><controlfield tag="002">20161230</controlfield><controlfield tag="005">20161230201033</controlfield><controlfield tag="008">060222s1000------------r-----000-0-eng-d</controlfield><datafield ind1=" " ind2=" " tag="080"><subfield code="a">504:55(061.3)</subfield></datafield><datafield ind1=" " ind2=" " tag="245"><subfield code="a">Space at the service of our environment. proce edings</subfield></datafield><datafield ind1=" " ind2=" " tag="260"><subfield code="a">Hamburg, 1993. 685 P</subfield></datafield><datafield ind1=" " ind2=" " tag="490"><subfield code="a">Esa-sp-361</subfield></datafield><datafield ind1=" " ind2=" " tag="852"><subfield code="a">80234</subfield></datafield></record></collection>